@manual{ncsc_covert_channels_book,
	title = "A Guide to Understanding Covert Channel Analysis of Trusted Systems",
	key = "NCSC",
	organization = "National Computer Security Center",
	note = "NCSC-TG-030, Version 1",
	month = "November",
	year = {1993}
}

@inproceedings{markus,
	title = "Optical Time-Domain Eavesdropping Risks of {C}{R}{T} Displays",
	author = "Markus G. Kuhn",
	booktitle = "Proceedings of the 2002 IEEE Symposium on Security and Privacy",
	publisher = "IEEE Computer Society",
	address = "Oakland, California",
	month = "May",
	year = {2002}
}

@inproceedings{tsai_and_gligor,
	author = "Chii-Ren Tsai and Virgil D.\ Gligor",
	title = "A Bandwidth Computation Model for Covert Storage Channels and its Applications",
	organization = "IEEE Symposium on Security and Privacy",
	address = "Oakland, California",
	month = "April",
	year = {1988},
	pages = "108--121"
}

@inproceedings{pgn_covert_channels_paper,
	author = "Norman E.\ Proctor and Peter G.\ Neumann",
	title = "Architectural Implications of Covert Channels",
	booktitle = "Proceedings of the Fifteenth National Computer Security Conference",
	publisher = "National Institute of Standards and Technology, National Computer Security Center",
	address = "Baltimore, Maryland",
	month = "October",
	year = {1992},
	pages = "28--43"
}

@inproceedings{wray,
	author = "John C.\ Wray",
	title = "An Analysis of Covert Timing Channels",
	booktitle = "Proceedings of the 1991 IEEE Computer Society Symposium on Research in Security and Privacy",
	publisher = "IEEE Computer Society",
	address = "Oakland, California",
	month = "May",
	year = {1991},
	pages = "2--7"
}

@book{proakis,
	author = "John G.\ Proakis and Masoud Salehi",
	title = "Communication Systems Engineering",
	publisher = "Prentice-Hall",
	address = "Englewood Cliffs, New Jersey",
	year = {1994}
}

@book{anderson_security_engineering,
	author = "Ross J.\ Anderson",
	title = "Security Engineering: A Guide to Building Dependable Distributed Systems",
	publisher = "John Wiley \& Sons",
	address = "New York, New York",
	year = {2001}
}

@book{russell_and_gangemi,
	author = "Deborah Russell and G.T.\ Gangemi",
	title = "Computer Security Basics",
	publisher = "O'Reilly \& Associates",
	address = "Sebastopol, California",
	year = {1991}
}

@book{wright,
	author = "Peter Wright",
	title = "Spycatcher: The Candid Autobiography of a Senior Intelligence Officer",
	publisher = "Viking Press",
	address = "New York, New York",
	year = {1987}
}

@book{black,
	author = "Uyless Black",
	title = "Physical Layer Interfaces and Protocols",
	publisher = "IEEE Computer Society Press",
	address = "Los Alamitos, California",
	edition = "2nd",
	year = {1996}
}

@book{ttl_cookbook,
	author = "Don Lancaster",
	title = "TTL Cookbook",
	publisher = "Howard W.\ Sams",
	address = "Indianapolis, Indiana",
	month = "April",
	year = {1980}
}

@manual{orange_book,
	title = "Trusted Computer System Evaluation Criteria",
	organization = "United States Department of Defense",
	key = "DoD",
	note = "DOD 5200.28-STD",
	month = "December",
	year = {1985}
}

@manual{paradyne1985,
	title = "InfoLock Model 2811-11 Installation and Operation Manual",
	key = "Paradyne Corporation",
	edition = "1st",
	note = "2811-A2-GN32-00",
	organization = "Paradyne Corporation",
	month = "June",
	year = {1985}
}

@book{van_gilluwe,
	title = "The Undocumented PC",
	author = "Frank van Gilluwe",
	publisher = "Addison--Wesley Publishing Company",
	address = "Reading, Massachusetts",
	month = "January",
	year = {1994}
}

@manual{eia_tia_232_e,
	title = "Interface Between Data Terminal Equipment and Data Circuit-Terminating Equipment Employing Serial Binary Data Interchange",
	key = "EIA/TIA",
	note = "EIA/TIA-232-E",
	organization = "Electronic Industries Association, Engineering Department",
	month = "July",
	year = {1991}
}

@manual{tia_eia_404_b,
	title = "Standard for Start--Stop Signal Quality for Non-Synchronous Data Terminal Equipment",
	key = "TIA/EIA",
	note = "TIA/EIA-404-B",
	organization = "Telecommunications Industry Association",
	month = "March",
	year = {1996}
}

@book{shoemaker,
	author = "Sargent III, Murray and Richard L.\ Shoemaker",
	title = "The Personal Computer from the Inside Out",
	publisher = "Addison--Wesley Publishing Company",
	year = "1994",
	address = "Reading, Massachusetts",
	edition = "3rd",
	month = "December"
}

@article{umphress_and_williams,
	author = "David Umphress and Glen Williams",
	title = "Identity Verification Through Keyboard Characteristics",
	journal = "Int.\ J.\ Man--Machine Studies",
	year = {1985},
	volume = {23},
	pages = "263--273"
}

@article{McCarthy,
	author = "Daniel C.\ McCarthy",
	title = "Faster vs. Denser: Networks Reach Another Crossroad",
	journal = "Photonics Spectra",
	volume = {35},
	number = {9},
	month = "September",
	year = {2001},
	pages = "110--118"
}

@inproceedings{kuhn_and_anderson,
	author = "Markus G.\ Kuhn and Ross J.\ Anderson",
	title = "Soft Tempest: Hidden Data Transmission Using Electromagnetic Emanations",
	editor = "David Aucsmith",
	booktitle = "Proceedings of Information Hiding, Second International Workshop",
	publisher = "Springer--Verlag",
	address = "Portland, Oregon",
	month = "April",
	year = {1998},
	pages = "15--17"
}

@inproceedings{nato_soft_tempest,
	author = "Ross J.\ Anderson and Markus G.\ Kuhn",
	title = "Soft Tempest---An Opportunity for {N}{A}{T}{O}",
	booktitle = "Protecting NATO Information Systems in the 21st Century",
	publisher = "NATO Research \& Technology Organisation",
	address = "Washington, D.C.",
	month = "October",
	year = {1999}
}

@article{information_hiding,
	author = "Fabien A.P.\ Petitcolas and Ross J.\ Anderson and Markus G.\ Kuhn",
	title = "Information Hiding---A Survey",
	journal = "Proceedings of the IEEE",
	volume = {87},
	number = {7},
	month = "July",
	year = {1999},
	pages = "1062--1078"
}

@inproceedings{hodara_1991,
	author = "Henri Hodara",
	title = "Secure Fiberoptic Communications",
	publisher = "Fondazione Ugo Bordoni",
	booktitle = "Proceedings of Symposium on Electromagnetic Security for Information Protection",
	address = "Rome, Italy",
	month = "November",
	year = {1991}
}

@book{wilkins_1641,
	author = "John Wilkins",
	title = "Mercury, or the Secret and Swift Messenger",
	publisher = "I.\ Norton",
	address = "London",
	year = {1641}
}

@book{fites_and_kratz,
	author = "Philip Fites and Martin P.J.\ Kratz",
	title = "Information Systems Security: A Practitioner's Reference",
	publisher = "Van Nostrand Reinhold",
	address = "New York, New York",
	year = {1993}
}

@manual{NACSIM_5000,
	title = "NACSIM 5000 TEMPEST Fundamentals",
	organization = "National Security Agency",
	key = "NACSIM 5000",
	note = "\url{http://cryptome.org/nacsim-5000.htm}",
	address = "Fort George G.\ Meade, Maryland",
	month = "February",
	year = {1992}
}

@manual{NSTISSAM,
	title = "TEMPEST/2-95 Red/Black Installation Guidance",
	organization = "National Security Agency",
	key = "NSTISSAM",
	note = "\url{http://cryptome.org/tempest-2-95.htm}",
	address = "Fort George G.\ Meade, Maryland",
	month = "December",
	year = {1995}
}

@manual{shielded_enclosures,
	title = "Specification NSA No. 94-106, Specification for Shielded Enclosures",
	organization = "National Security Agency",
	key = "NSA 94-106",
	note = "\url{http://cryptome.org/nsa-94-104.htm}",
	address = "Fort George G.\ Meade, Maryland",
	month = "October",
	year = {1994}
}

@article{lathrop,
	author = "David L.\ Lathrop",
	title = "Security Aspects of Wireless Local Area Networks",
	journal = "Computers \& Security",
	volume = {11},
	year = {1992},
	pages = "421--426"
}

@manual{ncsc_tg_004,
	title = "Glossary of Computer Security Terms",
	organization = "National Computer Security Center",
	key = "NCSC",
	note = "NCSC-TG-004, Version 1",
	month = "October",
	year = "1988"
}

@article{smulders,
	author = "Peter Smulders",
	title = "The Threat of Information Theft by Reception of Electromagnetic Radiation from {R}{S}-232 Cables",
	journal = "Computers \& Security",
	volume = {9},
	number = {1},
	year = {1990},
	pages = "53--58"
}

@article{van_eck,
	author = "van Eck, Wim",
	title = "Electromagnetic Radiation from Video Display Units: An Eavesdropping Risk?",
	journal = "Computers \& Security",
	volume = {4},
	year = {1985},
	pages = "269--286"
}

@manual{exfo_data_sheet,
	organization = "EXFO Electro-Optical Engineering, Inc.",
	key = "EXFO",
	title = "LFD-100 Live Fiber Detector",
	note = "Data sheet SPLFD100.4AN",
	month = "June",
	year = {1999}
}

@manual{melles_griot_detector_data_sheet,
	organization = "Melles Griot",
	key = "MG",
	title = "Silicon Photodiodes",
	note = "Data sheet 13DSI003",
	year = {1999}
}

@book{cryptonomicon,
	author = "Neal Stephenson",
	title = "Cryptonomicon",
	publisher = "Avon Books",
	address = "New York",
	month = "May",
	year = {1999}
}

@misc{morris,
	author = "Joe Morris",
	title = "Re: blinking lights on computers",
	howpublished = "Article $\langle$55ni3a\$bm3\@top.mitre.org$\rangle$, in USENET newsgroup alt.folklore.computers",
	month = "7 November",
	year = {1996}
}

@article{led_shipments,
	author = "Tekla S.\ Perry",
	title = "M.\ {G}eorge {C}raford",
	journal = "IEEE Spectrum",
	month = "February",
	year = {1995},
	volume = {32},
	number = {2},
	pages = "52--55"
}

@manual{hp_fiber_optic_data_sheet,
	key = "HP",
	organization = "Hewlett--Packard Company",
	title = "Low-Cost Fiber-Optic Links for Digital Applications up to 155 MBd",
	note = "Application Bulletin 78, 5091-9102E",
	month = "November",
	year = {1993},
}

@manual{agilent_led_data_sheet,
	key = "Agilent",
	organization = "Agilent Technologies",
	title = "T-$1\frac{3}{4}$ (5 mm) Diffused LED Lamps Technical Data",
	note = "Data sheet 5968-4161E (2/99)",
	month = "November",
	year = {1999}
}

@manual{mil_hdbk_232_a,
	key = "DoD",
	organization = "United States Department of Defense",
	title = "Red/Black Engineering--Installation Guidelines",
	note = "MIL-HDBK-232A",
	month = "March",
	year = {1987}
}

@article{pulse_stretcher,
	author = "Paul Johnson",
	title = "Circuit Adapts Signals for Visual Perception",
	journal = "Electronic Design News",
	month = "12 October",
	year = {1995},
	volume = {40},
	number = {21},
	pages = "104"
}

@manual{hp_led_data_sheet,
	key = "HP",
	organization = "Hewlett--Packard Company",
	title = "HFBR-4663 Single Chip 10BASE--FL Transceiver Technical Data",
	note = "Data sheet 5091-7391E",
	month = "April",
	year = {1993}
}

@article{lampson,
	author = "Butler W.\ Lampson",
	title = "A Note on the Confinement Problem",
	journal = "Comm.\ ACM",
	volume = {16},
	number = {10},
	month = "October",
	year = {1973},
	pages = "613--615"
}

@manual{common_criteria,
	title = "Common Criteria for Information Technology Security Evaluation",
	organization = "Common Criteria Project Sponsoring Organizations",
	key = "C.C.",
	note = "CCIMB-99-031, Version 2.1",
	month = "August",
	year = "1999"
}

@book{pgp,
	author = "Simson Garfinkel",
	title = "PGP: Pretty Good Privacy",
	publisher = "O'Reilly \& Associates",
	address = "Sebastopol, California",
	month = "December",
	year = {1994}
}

@book{gagliardi,
	author = "Robert Gagliardi",
	title = "Optical Communications",
	publisher = "John Wiley \& Sons",
	address = "New York, New York",
	edition = "2nd",
	month = "January",
	year = {1995}
}

